@article{epifania2020dscoreapp,
  title={DscoreApp: A shiny web application for the computation of the Implicit Association Test D-score},
  author={Epifania, Ottavia M and Anselmi, Pasquale and Robusto, Egidio},
  journal={Frontiers in Psychology},
  volume={10},
  pages={2938},
  year={2020},
  doi= {https:/doi.org/10.3389/fpsyg.2019.02938},
  publisher={Frontiers Media SA}
}


@article{epifania2020implicit,
  title={Implicit measures with reproducible results: The implicitMeasures package},
  author={Bianchi, Ottavia M and Anselmi, Pasquale and Robusto, Egidio},
  journal={Journal of Open Source Software},
  volume={5},
  number={52},
  pages={2394},
  year={2020},
  doi= {https:/doi.org/10.21105/joss.02394}
}